
@TechReport{CLR1,
  author = 	 {Johan Eker and J{\"o}rn W. Janneck},
  title = 	 {{\sc Cal} {L}anguage {R}eport},
  institution =  {Electronics Research Lab, University of California at Berkeley},
  year = 	 2003,
  type =	 {Technical Memo},
  number =	 {UCB/ERL M03/48},
  month =	 {December}
}


@InProceedings{JanneckJW+08a,
  author = 	 {J\"orn W. Janneck and Ian D. Miller and David B. Parlour},
  title = 	 {Profiling Dataflow Programs},
  booktitle = 	 {Proceedings of the 2008 IEEE International Conference on Multimedia and Expo (ICME)},
  year =	 2008
}

@InProceedings{JanneckJW+08b,
  author = 	 {J\"orn W. Janneck and Ian D. Miller and David B. Parlour and Ghislain Roquier and Matthieu Wipliez and Micka\"el Raulet},
  title = 	 {Synthesizing Hardware from Dataflow Programs: an {MPEG}-4 Simple Profile Decoder Case Study},
  booktitle = 	 {Proceedings of the 2008 IEEE Workshop on Signal Processing Systems (SiPS)},
  year =	 2008
}

@InProceedings{RoquierG+08,
  author = 	 {Ghislain Roquier and Matthieu Wipliez and Micka\"el Raulet and J\"orn W. Janneck and Ian D. Miller and David B. Parlour},
  title = 	 {Automatic Software Synthesis of Dataflow Programs: an {MPEG}-4 Simple Profile Decoder Case Study},
  booktitle = 	 {Proceedings of the 2008 IEEE Workshop on Signal Processing Systems (SiPS)},
  year =	 2008
}

@InProceedings{ThomasKerrJ+07,
  author = 	 {Joseph Thomas-Kerr and J{\"o}rn W. Janneck and Marco Mattavelli and Ian Burnett and Christian Ritz},
  title = 	 {{R}econfigurable {M}edia {C}oding: Self-describing Multimedia Bitstreams},
  booktitle = 	 {Proceedings IEEE Workshop on Signal Processing Systems---SiPS 2007},
  pages = 	 {319-324},
  year = 	 {2007},
  month = 	 {October},
}

@InProceedings{LucarzC+07,
  author = 	 {Christophe Lucarz and Marco Mattavelli and Joseph Thomas-Kerr and J{\"o}rn W. Janneck},
  title = 	 {{R}econfigurable {M}edia {C}oding: A New Specification Model for Multimedia Codecs},
  booktitle = 	 {Proceedings IEEE Workshop on Signal Processing Systems---SiPS 2007},
  pages = 	 {481-486},
  year = 	 {2007},
  month = 	 {October}
}



@InProceedings{WandelerE+05,
  author = 	 {Ernesto Wandeler and Jorn W. Janneck and Edward A. Lee and Lothar Thiele},
  title = 	 {Counting Interface Automata and their Application in Static Analysis of Actor Models},
  booktitle = 	 {Proceedings of the 3rd International Conference on Software Engineering and Formal Methods (SEFM)},
  year =	 2005,
  month =	 {September}
}

@Article{JanneckJW03,
  author = 	 {J{\"o}rn W. Janneck},
  title = 	 {Actors and their composition},
  journal = 	 {Formal Aspects of Computing},
  year = 	 2003,
  volume =	 15,
  number =	 4,
  pages =	 {349-369},
  month =	 {December}
}

@Misc{ProjectCaltrop,
  title = 	 {Caltrop project},
  howpublished = {$http://www.gigascale.org/caltrop$},
  institution = {EECS Dept., University of California at Berkeley}
}

@Misc{ProjectPtolemy,
  title = 	 {Ptolemy project},
  howpublished = {$http://ptolemy.eecs.berkeley.edu$},
  institution = {EECS Dept., University of California at Berkeley}
}

@Misc{ProjectMoses,
  title = 	 {Moses project},
  howpublished = {$http://www.tik.ee.ethz.ch/\sim moses$},
  institution = {Computer Engineering and Communications Laboratory, ETH Zurich}
}

@PHDTHESIS(JDiss,
 author = "J{\"o}rn W. Janneck",
 title = "Syntax and Semantics of Graphs---An approach to the specification of visual notations for discrete event systems",
 school = "ETH Zurich",
 year = "2000",
 type = "{PhD} thesis",
 address = "Computer Engineering and Networks Laboratory",
 month = "July",
 publisher = {Shaker Verlag, Aachen}
)





%%%%%%%%%%%%%%%%%%%%%%%%%%%%%%%%%%%%%%%%%%%%%%%%%%

@STRING( ACM = "Association for Computing Machinery"
)

@STRING( CACM = "Communications of the ACM"
)

@STRING( DSL97 = "First ACM SIGPLAN Workshop on Domain-Specific Languages"
)

@STRING( LNCS = "Lecture Notes in Computer Science"
)

@STRING( PADS = "International Conference on Parallel and Distributed Simulation"
)

@STRING( SCP = "Science of Computer Programming"
)

@STRING( TOMACS = "ACM Transactions on Modeling and Computer Simulation"
)

@STRING( TOPLAS = "ACM Transactions on Programming Languages and Systems"
)

@STRING( TSE = "IEEE Transactions on Software Engineering"
)

@ARTICLE(AalbersbergIJ+88,
 author = {Ijsbrand Jan Aalbersberg and Grzegorz Rozenberg},
 title = {Theory of Traces},
 journal = {Theoretical Computer Science},
 year = {1988},
 volume = {60},
 pages = {1-82},
 LOCATION = "Denotational Semantics"
)

@ARTICLE(AghaGA+93,
 author = "Gul A. Agha and Ian A. Mason and Scott F. Smith and Carolyn L. Talcott",
 title = "A Foundation for Actor Computation",
 journal = "Journal of Functional Programming",
 year = "1993"
)

@ARTICLE(BaccelliF+93,
 author = {Francios Bacelli and Miguel Canales},
 title = {Parallel Simulation of Stochastic {P}etri Nets using Recurrence Equations},
 journal =  TOMACS ,
 year = {1993},
 volume = {3},
 number = {1},
 pages = {20-41},
 month =  jan ,
 LOCATION = "Petri Nets - Distributed Simulation"
)



@ARTICLE(BackRJR83,
 author = {R. J. R. Back},
 title = {A continuous semantics for unbounded nondeterminism},
 journal = {Theoretical Computer Science},
 year = {1983},
 volume = {23},
 pages = {187-210}
)

@ARTICLE(BenvenisteA+91,
 author = "A. Benveniste and G. Berry",
 title = "The synchronous approach to reactive and real-time systems",
 journal = "Proc. IEEE",
 year = "1991",
 volume = "79",
 number = "9",
 pages = "1270-1282"
)

@ARTICLE(BerthomieuB+91,
 author = {Bernard Berthomieu and Michel Diaz},
 title = {Modeling and Verification of Time Dependent Systems using Time {P}etri Nets},
 journal =  TSE ,
 year = {1991},
 volume = {17},
 number = {3},
 pages = {259-273},
 month =  mar 
)


@InCollection{BenvenisteA+94,
  author = 	 {A. Benveniste and P. Caspi and P. LeGuernic and N. Halbwachs},
  title = 	 {Data-flow synchronous languages},
  booktitle = 	 {A Decade of Concurrency---Reflections and Perspectives},
  publisher = {Springer Verlag, Berlin},
  year = 	 {1994},
  editor = 	 {J.W. de Bakker and W.-P. de Roever and G. Rozenberg},
  volume = 	 {803},
  series = 	 {Lecture Notes in Computer Science},
}

@ARTICLE(BroyM88,
 author = {Manfred Broy},
 title = {Nondeterministic data flow programs: how to avoid the merge anomaly},
 journal = {Science of Computer Programming},
 year = {1988},
 volume = {10},
 pages = {65-85}
)

@ARTICLE(BucciG+95,
 author = {Giacomo Bucci and Enrico Vicario},
 title = {Compositional Validation of Time-Critical Systems Using Communicating Time {P}etri Nets},
 journal = {IEEE Transactions on Software Engineering},
 year = {1995},
 volume = {21},
 number = {12},
 pages = {969-992},
 month =  dec ,
 LOCATION = "Petri Nets"
)

@PhdThesis{BuckThesis,
  author = 	 {Joseph T. Buck},
  title = 	 {Scheduling Dynamic Dataflow Graphs with Bounded Memory using the Token Flow Model},
  school = 	 {University of California at Berkeley},
  year = 	 {1993},
  note = 	 {also Technical Report UCB/ERL 93/69},
}

@ARTICLE(CardelliL+85,
 author = {Luca Cardelli and Peter Wegner},
 title = {On Understanding Types, Data Abstraction, and Polymorphism},
 journal = {Computing Surveys},
 year = {1985},
 volume = {17},
 number = {4},
 pages = {471-522},
 LOCATION = "n.a."
)

@ARTICLE(CastagnaG95,
 author = {Guiseppe Castagna},
 title = {Covariance and contravariance: conflict without a cause},
 journal =  TOPLAS ,
 year = {1995},
 volume = {17},
 number = {3},
 pages = {115-135}
)

@ARTICLE(CastagnaG95,
 author = {Guiseppe Castagna},
 title = {Covariance and contravariance: conflict without a cause},
 journal =  TOPLAS ,
 year = {1995},
 volume = {17},
 number = {3},
 pages = {115-135}
)

@ARTICLE(ChandyKM+79,
 author = {K. Many Chandy and Jayadev Misra},
 title = {Distributed Simulation: A Case Study in Design and Verification of Distributed Programs},
 journal = {IEEE Transactions on Software Engineering},
 year = {1979},
 volume = {5},
 number = {5},
 pages = {440-452},
 month =  sep ,
 LOCATION = "Distributed Simulation - conservative"
)

@ARTICLE(CubertRM+97,
 author = "Robert M. Cubert and Paul A. Fishwick",
 title = "{MOOSE}: An Object-Oriented Multimodeling and Simulation Application Framework",
 journal = "Simulation",
 year = "1997",
 month = "June"
)

@ARTICLE(DeursenA+98,
 author = "A. van Deursen and P Klint",
 title = "Little languages: Little maintenance?",
 journal = "Journal of Software Maintenance",
 year = "1998",
 volume = "10",
 pages = "75-98"
)

@ARTICLE(FujimotoRM90,
 author = {Richard M. Fujimoto},
 title = {Parallel Discrete Event Simulation},
 journal =  CACM ,
 year = {1990},
 volume = {33},
 number = {10},
 pages = {30-53},
 month =  oct 
)

@ARTICLE(Gajski96,
 author = {Daniel Gajski, and Sanjiv Narayan and Loganath Ramachandran and Frank Vahid and Peter Fung},
 title = {System Design Methodologies: Aiming at the 100h Design Cycle},
 journal = {IEEE Transactions on very large scale systems},
 year = {1996},
 volume = {4},
 number = {1},
 month =  mar 
)

@ARTICLE(GiacaloneA+89,
 author = "A. Giacalone and P. Mishra and S. Prasad",
 title = "Facile: A symmetric integration of concurrent and functional programming.",
 journal = "International Journal of Parallel Programming",
 year = "1989",
 volume = "18",
 number = "2",
 pages = "121-160"
)

@ARTICLE(HarelD87,
 author = {David Harel},
 title = {StateCharts: A visual formalism for complex systems},
 journal = {Science of Computer Programming},
 year = {1987},
 volume = {8},
 pages = {231-274}
)

@ARTICLE(HarelD88,
 author = "David Harel",
 title = "On Visual Formalisms",
 journal = "Communications of the ACM",
 year = "1988",
 volume = "11",
 number = "5",
 pages = "514--530"
)

@ARTICLE(HughesCE78,
 author = "Charles E. Hughes",
 title = "The Equivalence of Vector Addition Systems to a Subclass of Post Canonical Systems",
 journal = "Information Processing Letters",
 year = "1978",
 volume = "7",
 number = "4",
 pages = "201-204",
 month = "June"
)

@ARTICLE(HulgaardH+95,
 author = {Henrik Hulgaard and Steven M. Burns and Tod Amon and Gaetano Borriello},
 title = {An Algorithm for Exact Bounds on the Time Separation of Events in Concurrent Systems},
 journal = {IEEE Transactions on Computers},
 year = {1995},
 volume = {44},
 number = {11},
 pages = {1306-1317},
 month =  nov ,
 LOCATION = "Concurrency"
)

@ARTICLE(JantzenM83,
 author = "M. Jantzen",
 title = "The Large Markings Problem",
 journal = "Petri Net Newsletter",
 year = "1983",
 number = "14"
)

@ARTICLE(JeffersonDR85,
 author = {David R. Jefferson},
 title = {Virtual Time},
 journal =  TOPLAS ,
 year = {1985},
 volume = {7},
 number = {3},
 pages = {404-425},
 month =  jul ,
 LOCATION = "Distributed Simulation - optimistic"
)

@ARTICLE(KoPo01,
  author={Patrick N. Koch and J.P. Evans and David Powell},
  title={Interdigitation for Effective Design Space Exploration Using {iSIGHT}},
  journal ={accepted for publication in Journal of Structural and Multidisciplinary Optimization}
)


@ARTICLE(LamportL78,
 author = {Leslie Lamport},
 title = {Time, Clocks, and the Ordering of Events in a Dsitributed System},
 journal =  CACM ,
 year = {1978},
 volume = {21},
 number = {7},
 pages = {558-565}
)

@ARTICLE(LeeEA+98,
 author = "Edward A. Lee and Alberto Sangiovanni-Vincentelli",
 title = "A denotational framework for comparing models of computation",
 journal = "IEEE Transactions on Computer-Aided Design of Integrated Circuits and Systems",
 year = "1998",
 volume = "17",
 number = "12",
 pages = "1217-1229",
 month = "December"
)

@ARTICLE(MannaZ+76,
 author = {Zohar Manna and Adi Shamir},
 title = {The theoretical aspects of the optimal fixedpoint},
 journal = {SIAM Journal of Computing},
 year = {1976},
 volume = {5},
 number = {3},
 pages = {414-426},
 month =  sep 
)

@ARTICLE(MerlinP+76,
 author = {P. Merlin and D. J. Faber},
 title = {Recoverability of Communication Protocols},
 journal = {IEEE Transactions on Communications},
 year = {1976},
 volume = {24},
 number = {9},
 month =  sep 
)

@ARTICLE(MilnerR83,
 author = "R. Milner",
 title = "Calculi for synchrony and asynchrony",
 journal = "Theoretical Computer Science",
 year = "1983",
 volume = "25",
 pages = "267-310"
)

@ARTICLE(MurataT89,
 author = {Tadao Murata},
 title = {{P}etri Nets: Properties, Analysis, and Applications},
 journal = {Proceedings of the IEEE},
 year = {1989},
 volume = {77},
 number = {4},
 pages = {541-580},
 month =  apr 
)

@ARTICLE(PlotkinGD76,
 author = {G. D. Plotkin},
 title = {A powerdomain construction},
 journal = {SIAM Journal of Computing},
 year = {1976},
 volume = {5},
 number = {3},
 pages = {452-487}
)

@ARTICLE(SchoenfinkelM24,
 author = "M. Sch{\"o}nfinkel",
 title = "{\"U}ber die {B}austeine der mathematischen {L}ogik",
 journal = "Mathematische Annalen",
 year = "1924",
 volume = "92",
 pages = "305-316"
)

@ARTICLE(TarskiA36,
 author = "Alfred Tarski",
 title = "Der {W}ahrheitsbegriff in den formalisierten {S}prachen",
 journal = "Studia Philosophicae",
 year = "1936",
 volume = "1",
 pages = "261-405",
 note = "English translation in A. Tarski. Logic, Semantics, Metamathematics. Oxford University Press"
)

@ARTICLE(TarskiA55,
 author = {Alfred Tarski},
 title = {A lattice-theoretical fixpoint theorem and its applications},
 journal = {Pacific Journal of Mathematics},
 year = {1955},
 volume = {5},
 pages = {285-309},
 LOCATION = "Denotational Semantics"
)

@ARTICLE(venkatesh96,
 author = {K. Venkatesh and M.-C. Zhou and M. Kaighobadi and R. Caudill},
 title = {A Petri net approach to investigating push and pull paradigms in flexible factory automated systems},
 journal = {International Journal of Production research},
 year = {1996},
 volume = {34},
 number = {3},
 pages = {595-620}
)

@ARTICLE(ZhouM+94,
 author = {Richard Zurawski and Meng-Chu Zhou},
 title = {Petri Nets and Industrial Applications: A Tutorial},
 journal = {IEEE Transactions on Industrial Electronics},
 year = {1994},
 volume = {41},
 number = {6},
 pages = {567-583},
 month =  dec 
)

@ARTICLE(ZurawskiR+94,
 author = {Richard Zurawski and MengChu Zhou},
 title = {Petri Nets and Industrial Applications: A Tutorial},
 journal = {IEEE Transactions on Industrial Electronics},
 year = {1994},
 volume = {41},
 number = {6},
 pages = {567-583},
 month =  dec 
)

@BOOK(AbelsonH+99,
 author = "Harold Abelson and Gerald Jay Sussman",
 title = "Structure and Interpretation of Computer Programs",
 publisher = "MIT Press",
 year = "1999",
 edition = "2nd"
)

@BOOK(AghaGA86,
 author = {Gul A. Agha},
 title = {Actors: A Model of Concurrent Computation in Distributed Systems},
 publisher = {MIT Press},
 year = {1986},
 series = {The MIT Press Series in Artificial Intelligence},
 KEYWORDS = "actors",
 LOCATION = "na"
)

@BOOK(AjmoneMarsanM+95,
 author = {M. {Ajmone Marsan} and G. Balbo and G. Conte and S. Donatelli and G. Franceschinis},
 title = {Modelling with {G}eneralized {S}tochastic {P}etri {N}ets},
 publisher = {Wiley},
 year = {1995},
 series = {Wiley Series in Parallel Computing}
)

@BOOK(Alexander77,
 author = {Christopher Alexander and Sara Ishikawa and Murray Silverstein and Max Jacobson and Ingrid Fiksdahl-King and Shlomo Angel},
 title = {A Pattern Language},
 publisher = {Oxford University Press},
 year = {1977}
)

@BOOK(ArmstrongJ+93,
 author = "J. Armstrong and R, Virding and M. Williams",
 title = "Concurrent Programming in Erlang",
 publisher = "Prentice-Hall",
 year = "1993"
)

@BOOK(Balzert96,
 author = {Helmut Balzert},
 title = {Lehrbuch der Software-Technik},
 publisher = {Spektrum Akademischer Verlag},
 year = {1996},
 volume = {1}
)

@BOOK(BarendregtHP84,
 author = "H. P. Barendregt",
 title = "The Lambda Calculus---its Syntax and Semantics",
 publisher = "North-Holland",
 year = "1984",
 edition = "2nd"
)

@BOOK(Baumgarten96,
 author = {Bernd Baumgarten},
 title = {Petri-Netze, Grundlagen und Anwendungen},
 publisher = {Spektrum Akademischer Verlag},
 year = {1996}
)

@BOOK(Booch94,
 author = {G. Booch},
 title = {Object-oriented Analysis and design, with applications},
 publisher = {Benjamin/Cummings},
 year = {1994},
 edition = {2nd}
)

@BOOK(ChomskyN65,
 author = "Noam Chomsky",
 title = "Aspects of the Theory of Syntax",
 publisher = "MIT Press",
 year = "1965"
)

@BOOK(CPN-Vol1,
 author = {Kurt Jensen},
 title = {Coloured {P}etri Nets: Basic Concepts, Analysis Methods and Practical Use},
 publisher = {Springer-Verlag},
 year = {1992},
 volume = {1: Basic Concepts},
 series = {EATCS Monographs in Computer Science}
)

@BOOK(CPN-Vol2,
 author = {Kurt Jensen},
 title = {Coloured {P}etri Nets: Basic Concepts, Analysis Methods and Practical Use},
 publisher = {Springer-Verlag},
 year = {1992},
 volume = {2: Analysis Methods},
 series = {EATCS Monographs in Computer Science}
)

@BOOK(CurryHB+58,
 author = "H. B. Curry and R. Feys",
 title = "Combinatory Logic",
 publisher = "North-Holland",
 year = "1958",
 volume = "1"
)

@BOOK(FishwickPA95,
 author = "Paul A. Fishwick",
 title = "Simulation Model Design and Execution: Building Digital Worlds",
 publisher = "Prentice Hall",
 year = "1995"
)

@BOOK(Gamma95,
 author = {Erich Gamma and Richard Helm and Ralph Johnson and John Vlissides},
 title = {Design Patterns, Elements of Reusable Object-Oriented Software},
 publisher = {Addison-Wesley},
 year = {1995}
)

@BOOK(GunterCA+94,
 editor = {Carl A. Gunter and John C. Mitchell},
 title = {Theoretical aspects of Object-Oriented Programming - Types, Semantics, and Language Design},
 publisher = {MIT Press},
 year = {1994}
)

@BOOK(HatleyPirbhai88,
 author = {Derek Hatley and Imtiaz Pirbhai},
 title = {Strategies for Real-Time system specification},
 publisher = {Dorset House},
 year = {1988}
)

@BOOK(HeiseW+83,
 author = {Werner Heise and Pasquale Quattrocchi},
 title = {Informations- und Codierungstheorie},
 publisher = {Springer-Verlag},
 year = {1983}
)

@BOOK(HerrtwichHommel94,
 author = {Ralf Guido Herrtwich and Guenther Hommel},
 title = {Nebenl\"aufige Programme},
 publisher = {Springer Verlag},
 year = {1994}
)

@BOOK(HoareCAR85,
 author = "C. A. R. Hoare",
 title = "Communicating Sequential Processes",
 publisher = "Prentice-Hall",
 year = "1985"
)

@BOOK(HopcroftJE+79,
 author = "John E. Hopcroft and Jeffrey D. Ullman",
 title = "Introduction to Automata Theory, Languages, and Computation",
 publisher = "Addison-Wesley",
 year = "1979"
)

@BOOK(LawvereFW98,
 author = "F. William Lawvere and Stephen H. Schanuel",
 title = "Conceptual Mathematics",
 publisher = "Cambridge University Press",
 year = "1998"
)

@BOOK(MeyerB88,
 author = {Bertrand Meyer},
 title = {Object-oriented Software Construction},
 publisher = {Prentice-Hall},
 year = {1988}
)

@BOOK(MeyerB97,
 author = {Bertrand Meyer},
 title = {Object-Oriented Software Construction},
 publisher = {Prentice-Hall},
 year = {1997},
 edition = {2}
)

@BOOK(OliverD+97,
 author = {David Oliver and Timothy Kelliher and James Keegan},
 title = {Engineering Complex Systems with Models and Objects},
 publisher = {McGraw-Hill},
 year = {1997}
)

@BOOK(Peterson81,
 author = {James L. Peterson},
 title = {Petri Net Theory and the Modeling of Systems},
 publisher = {Prentice Hall},
 year = {1981}
)

@BOOK(PierceBC98,
 author = "Benjamin C. Pierce",
 title = "Basic category theory for computer scientists",
 publisher = "MIT Press",
 year = "1998"
)

@BOOK(PloP95,
 editor = {James O. Coplien and Douglas C. Schmidt},
 title = {Pattern Languages of Program Design},
 publisher = {Addison-Wesley},
 year = {1995}
)

@BOOK(PloP96,
 editor = {John M. Vlissides and James O. Coplien and Norman L. Kerth},
 title = {Pattern Languages of Program Design 2},
 publisher = {Addison-Wesley},
 year = {1996}
)

@BOOK(POSA96,
 author = {Frank Buschmann and Regine Meunier and Hans Rohnert and Peter Sommerlad and Michael Stal},
 title = {Pattern-Oriented Software Architecture - A System of Patterns},
 publisher = {Wiley and Sons},
 year = {1996}
)

@BOOK(ReisigW85,
 author = {Wolfgang Reisig},
 title = {Petri Nets: An Introduction},
 publisher = {Springer-Verlag},
 year = {1985}
)

@BOOK(ReisigW92,
 author = {Wolfgang Reisig},
 title = {A Primer in Petri Net Design},
 publisher = {Springer-Verlag},
 year = {1992}
)

@BOOK(ReisigW98,
 author = "Wolfgang Reisig",
 title = "Elements of Distributed Algorithms",
 publisher = "Springer Verlag",
 year = "1998"
)

@BOOK(ROOM94,
 author = {Bran Selic and Garth Gullekson and Paul Ward},
 title = {Real-time object-oriented modeling},
 publisher = {John Wiley and Sons},
 year = {1994}
)

@BOOK(Rumbaugh91,
 author = {James Rumbaugh},
 title = {Object-oriented modeling and design},
 publisher = {Prentice Hall},
 year = {1991}
)

@BOOK(RumbaughJ+98,
 author = "James Rumbaugh and Ivar Jacobson and Grady Booch",
 title = "The Unified Modeling Language Reference Manual",
 publisher = "Addison Wesley",
 year = "1998"
)

@BOOK(ShawM+96,
 author = {Mary Shaw and David Garlan},
 title = {Software Architecture: Perspectives on an Emerging Discipline},
 publisher = {Prentice Hall},
 year = {1996}
)

@BOOK(StarkePH90,
 author = {Peter H. Starke},
 title = {Analyse von Petri-Netz-Modellen},
 publisher = {B. G. Teubner Stuttgart},
 year = {1990}
)

@BOOK(StoyJE77,
 author = {Joseph E. Stoy},
 title = {Denotational Semantics: The {S}cott-{S}trachey Approach to Programming Language Theory},
 publisher = {MIT Press},
 year = {1977}
)

@BOOK(UML1.1,
 author = {Grady Booch and James Rumbaugh and Ivar Jacobson},
 title = {Unified Modeling language, Documentation set version 1.1},
 publisher = {Rational Software Corporation},
 year = {1997}
)

@BOOK(WaltersRFC91,
 author = "R. F. C. Walters",
 title = "Categories and Computer Science",
 publisher = "Cambridge University Press",
 year = "1991"
)

@BOOK(WinskelG93,
 author = "Glynn Winskel",
 title = "The Formal Semantics of Programming Languages",
 publisher = "MIT Press",
 year = "1993",
 address = "Cambridge, MA"
)

@BOOK(ZeiglerBP+00,
 author = "Bernhard P. Zeigler and Herbert Praehofer and Tag Gon Kim",
 title = "Theory of Modeling and Simulation",
 publisher = "Academic Press",
 year = "2000",
 edition = "2nd"
)

@BOOK(ZeiglerBP76,
 author = "Bernhard P. Zeigler",
 title = "Theory of Modelling and Simulation",
 publisher = "John Wiley and Sons",
 year = "1976"
)

@BOOK(Zhou93,
 author = {MengChu Zhou and Frank DiCesare},
 title = {petri net synthesis for discrete eveny control of manufacturing systems},
 publisher = {Kluwer},
 year = {1993}
)

@BOOK(ZhouMC+93,
 author = {MengChu Zhou and Frank DiCesare},
 title = {Petri Net Synthesis for Discrete Event Control of Manufacturing Systems},
 publisher = {Kluwer},
 year = {1993},
 address = {Boston, MA}
)

@BOOK(ZurawskiR+93a,
 editor = {R. Zurawski and T. Dillon},
 title = {Modern Tools for Manufacturing Systems},
 publisher = {Elsevier Scientific Publishers},
 year = {1993}
)

@CONFERENCE(Fuss74,
 author = {H. Fuss},
 title = {{P}-{T}-{Netze} zur numerischen {Simulation} von asynchronen {Fl\"ussen}},
 booktitle = {GI - 4. Jahrestagung, Berlin Oktober 1974},
 year = {1975},
 editor = {G. Goos, J. Hartmanis},
 number = {26},
 series = {Lecture Notes in Computer Science},
 pages = {326-335},
 organization = {GI, Gesellschaft f\"ur Informatik},
 publisher = {Springer-Verlag}
)

@CONFERENCE(Jamal+95,
 author = {Rahman Jamal and Lothar Wenzel},
 title = {The applicability of the visual programming language {LabVIEW} to large real-world applications},
 booktitle = {Proceedings 11th Symposium on Visual Languages},
 year = {1995}
)

@CONFERENCE(Kimura95,
 author = {Takayuki Kimura},
 title = {Object-oriented dataflow},
 booktitle = {Proceedings 11th IEEE Sysmposium on Visual Languages},
 year = {1995}
)

@CONFERENCE(Lehrenfeld+95,
 author = {G. Lehrenfeld and W. Mueller and C. Tahedl},
 title = {Transforming {SDL} Diagrams into a complete visual representation},
 booktitle = {Proceedings 11th IEEE Symposium on Visual Languages},
 year = {1995}
)

@CONFERENCE(Muganga+95,
 author = {B. Muganga and F. Pacull and K. R. Mazouni and A.-D. Wolff},
 title = {Visual Programming of fault-tolerant distributed applications},
 booktitle = {Proceedings 11th IEEE Symposium on Visual Languages},
 year = {1995}
)

@INBOOK(BaumgartenB+86,
 author = {B. Baumgarten and P. Ochsenschl\"ager and R. Prinoth},
 title = {Building Blocks for Distributed System Design},
 pages = {19-38},
 publisher = {Elsevier Science Publishers B.V. (North-Holland)},
 year = {1986},
 volume = {Protocol Specification, Testing, and Verification}
)

@INBOOK(GenrichHJ+81,
 author = {H. J. Genrich and K. Lautenbach},
 title = {System Modelling with High-Level {P}etri Nets},
 pages = {109-136},
 publisher = {North-Holland},
 year = {1981},
 volume = {13},
 series = {Theoretical Computer Science},
 JOURNAL = "Theoretical Computer Science"
)

@INCOLLECTION(AbramskyS+95,
 author = "S. Abramsky and S. J. Gay and R. Nagarayan",
 title = "Interaction categories and the foundations of typed concurrent programming",
 booktitle = "Deductive Program Design: Proc. 1994 Marktoberdorf International Summer School",
 publisher = "Springer-Verlag",
 year = "1995",
 editor = "M. Broy",
 series = "NATO ASI Series F"
)

@INCOLLECTION(BBOP86,
 author = {B. Baumgarten and H. J. Burkhardt and P. Ochsenschl\"ager and R. Prinoth},
 title = {The Signing of a contract - a Tree-Structured Application Modelled with Petri Net Building Blocks},
 booktitle = {Advances in Petri Nets 1985},
 publisher = {Springer},
 year = {1985},
 editor = {G. Goos and J. Hartmanis},
 number = {222},
 series = {Lecture Notes in Computer Science}
)

@INCOLLECTION(CardelliL86,
 author = "Luca Cardelli",
 title = "Amber",
 booktitle = "Combinators and Functional Programming Languages",
 publisher = "Springer-Verlag",
 year = "1986",
 volume = "242",
 series = "Lecture Notes on Computer Science"
)

@INCOLLECTION(LipariGuide,
 author = {Yuri Gurevich},
 title = {Evolving Algebras 1993: {L}ipari Guide},
 booktitle = {Specification and Validation Methods},
 publisher = {Oxford University Press},
 year = {1995},
 editor = {E. B\"orger},
 pages = {9-36}
)

@INCOLLECTION(SkillcornDB91,
 author = "D. B. Skillcorn",
 title = "Stream Languages and Data-Flow",
 booktitle = "Advanced Topics in Data-Flow Computing",
 publisher = "Prentice-Hall",
 year = "1991",
 editor = "J.-L. Gaudiot and L. Bic"
)

@INCOLLECTION(VoglerW87,
 author = {Walter Vogler},
 title = {Behaviour preserving refinements of {P}etri nets},
 booktitle = {Graph-Theoretic Concepts in Computer Science},
 publisher = {Springer-Verlag},
 year = {1987},
 editor = {G. Tinhofer and G. Schmidt},
 number = {246},
 series = {Lecture Notes in Computer Science},
 pages = {82-93}
)

@INCOLLECTION(ZurawskiR+93b,
 author = {R. Zurawski and T. Dillon},
 title = {Modeling and verification of flexible manufacturing systems using {P}etri nets},
 booktitle = {Modern Tools for Manufacturing Systems},
 publisher = {Elsevier Scientifc Publishers},
 year = {1993},
 editor = {R. Zurawski and T. Dillon},
 pages = {237-261}
)

@INPROCEEDINGS(ArangoG89,
 author = "G. Arango",
 title = "Domain analysis: From art form to engineering discipline.",
 booktitle = "Fifth International Workshop on Software Specification and Design",
 year = "1989",
 volume = "14",
 number = "3",
 series = "ACM SIGSOFT Engineering Notes",
 pages = "152-159",
 month = "May"
)

@INPROCEEDINGS(BaccelliF+95,
 author = {Francois Baccelli and Nathalie Furmento and Bruno Gaujal},
 title = {Parallel and Distributed Simulation of free choice {P}etri nets},
 booktitle = {Proceedings of 9th International Conference on Parallel and Distributed Simulation},
 year = {1995},
 pages = {3-10},
 LOCATION = "Petri Nets - Distributed Simulation"
)

@INPROCEEDINGS(BrauerW+90,
 author = {Wilfried Brauer and Robert Gold and Walter Vogler},
 title = {A Survey of Behaviour and Equivalence Preserving Refinements of {P}etri nets},
 booktitle = {Advances in Petri Nets}
)

@INPROCEEDINGS(BroyM95,
 author = {Manfred Broy},
 title = {Advanced Component Interface Specification},
 booktitle = {International Workshop on Theory and Practice of Parallel Programming},
 year = {1995},
 editor = {Takaysau Ito and Akinori Yonezawa},
 publisher = {Springer-Verlag}
)

@INPROCEEDINGS(BroyM96,
 author = "Manfred Broy",
 title = "Towards a Mathematical Concept of a Component and Its Use",
 booktitle = "Proceedings Components' Users Conference CUC'96",
 year = "1996"
)

@INPROCEEDINGS(BruceD97,
 author = "D. Bruce",
 title = "What makes a good domain-specific language? {APOSTLE}, and its approach to parallel discrete event simulation.",
 booktitle = "DSL97",
 year = "1998",
 editor = "S. Kamin",
 pages = "17-35"
)

@INPROCEEDINGS(BuchsD+91,
 author = {D. Buchs and N. Guelfi},
 title = {{CO-OPN}: A Concurrent Object-Oriented {P}etri Net Approach},
 booktitle = {Proceedings of the 12th International Conference on the Application and Theory of Petri Nets},
 year = {1991}
)

@INPROCEEDINGS(BuschMeun95,
 author = {Frank Buschmann and Regine Meunier},
 title = {A System of Patterns},
 booktitle = {Pattern Languages of Program Design},
 year = {1995}
)

@INPROCEEDINGS(ChiolaG+93,
 author = {Giovanni Chiola and Alois Ferscha},
 title = {Distributed Simulation of Timed {P}etri Nets: Exploiting the Net Structure to obtain Efficiency.},
 booktitle = {Proceedings of the 14th International Conference on Application and Theory of Petri Nets},
 year = {1993},
 number = {691},
 series = {Lecture Notes in Computer Science},
 pages = {146-165},
 publisher = {Springer Verlag}
)

@INPROCEEDINGS(ChristensenS+94,
 author = {S\/oren Christensen and N.D. Hasen},
 title = {{C}oloured {P}etri {N}ets Extended with Channels for Synchronous Communication},
 booktitle = {Proceedings of the 15th International Conference on the Application and Theory of Petri Nets},
 year = {1994},
 number = {815},
 series = {Lecture Notes in Computer Science},
 pages = {159-178},
 publisher = {Springer-Verlag}
)

@INPROCEEDINGS(CMP96,
 author = {Andrea Caloini and Gian Antonio Magnani and Mauro Pezze},
 title = {Software Design of Robot Controllers with Petri Nets: a Case-Study},
 booktitle = {Proceedings of the 1996 IEEE International Conference on Systems, Man and Cybernetics},
 year = {1996}
)

@INPROCEEDINGS(DimitroviciC+91,
 author = {C. Dimitrovici and U. Hummert and L. Petrucci},
 title = {Semantics, Composition and Net Properties of Algebraic High-level Nets},
 booktitle = {Advances in {P}etri Nets},
 year = {1991},
 editor = {G. Rozenberg},
 number = {524},
 series = {Lecture Notes in Computer Science},
 pages = {93-117}
)

@INPROCEEDINGS(EsserSTEP97,
 author = {Rober Esser},
 title = {An object oriented Petri net language for embedded system design},
 booktitle = {8th International Workshop on Software Technology and Engineering Practice, STEP'97},
 year = {1997}
)

@INPROCEEDINGS(FerschaA94,
 author = {Alois Ferscha},
 title = {Concurrent Execution of Timed {P}etri Nets},
 booktitle = {Proceedings of the 1994 Winter Simulation Conference},
 year = {1994},
 pages = {229-236}
)

@INPROCEEDINGS(FishwickPA94,
 author = {Paul A. Fishwick},
 title = {Computer Simulation: Growth through Extension},
 booktitle = {Proceedings of Modeling and Simulation (European Simulation Multiconference)},
 year = {1994},
 pages = {3 -20},
 organization = {Society for Computer Simulation},
 KEYWORDS = "levels of abstraction",
 LOCATION = "na"
)

@INPROCEEDINGS(FujimotoRM88,
 author = {Richard M. Fujimoto},
 title = {Lookahead in parallel discrete event simulation},
 booktitle = {Proceedings of the International Conference on Parallel Processing},
 year = {1988},
 editor = {F. A. Briggs},
 pages = {34-41},
 publisher = {IEEE Computer Society Press}
)

@INPROCEEDINGS(Gries98a,
 author = {Matthias Gries},
 title = {Modeling a Memory Subsystem with Petri Nets: a Case Study},
 booktitle = {Workshop Hardware Design and Petri Nets HWPN98},
 year = {1998},
 pages = {186-201},
 address = {Lisbon, Portugal},
 month =  jun ,
 LOCATION = "ftp://ftp.tik.ee.ethz.ch/pub/people/gries/paper/gri98a.ps"
)

@INPROCEEDINGS(JensenK90,
 author = {Kurt Jensen},
 title = {Coloured {P}etri Nets: A High Level Language for System Design and Analysis},
 booktitle = {Advances in {Petri} Nets},
 year = {1990},
 editor = {G. Rozenberg},
 volume = {483},
 series =  LNCS 
)

@INPROCEEDINGS(KahnG74,
 author = {Gilles Kahn},
 title = {The semantics of a simple language for parallel programming},
 booktitle = {Proceedings of the IFIP Congress},
 year = {1974},
 publisher = {North-Holland Publishing Co.}
)

@INPROCEEDINGS(LakosCA95,
 author = {Charles A. Lakos},
 title = {From Coloured {P}etri Nets to Object {P}etri Nets},
 booktitle = {Proceedings of the 15th International Conference on Applications and Theory of Petri Nets},
 year = {1995},
 series =  LNCS ,
 LOCATION = "Petri Nets"
)

@INPROCEEDINGS(LakosCA96,
 author = {Charles A. Lakos},
 title = {The Consistent Use of Names and Polymorphism to Achieve an Elegant Definition of {O}bject {P}etri {N}ets},
 booktitle = {Proc. 17th International Conference in Application and Theory of Petri Nets},
 year = {1996},
 number = {1091},
 series = {Lecture Notes in Computer Science},
 pages = {380-399},
 publisher = {Springer-Verlag}
)

@INPROCEEDINGS(LakosCA97,
 author = {Charles A. Lakos},
 title = {On the Abstraction of {C}oloured {P}etri {N}ets},
 booktitle = {Proc. 18th International Conference in Application and Theory of Petri Nets},
 year = {1997},
 editor = {Pierre Az\`ema and Gianfranco Balbo},
 number = {1248},
 series = {Lecture Notes in Computer Science},
 pages = {42-61},
 publisher = {Springer-Verlag}
)

@INPROCEEDINGS(NicolDM+91,
 author = {David M. Nicol and S. Roy},
 title = {Parallel simulation of timed {P}etri nets},
 booktitle = {Proceeding of the 1991 Winter Simulation Conference},
 year = {1991},
 pages = {574-583},
 month =  dec 
)

@INPROCEEDINGS(NierstraszO93,
 author = {O. Nierstrasz},
 title = {Composing Active Objects},
 booktitle = {Research Direction in Concurrent Object-Oriented Programming},
 year = {1993},
 editor = {G. Agha, P. Wegner, and A. Yonezawa},
 pages = {151-171},
 publisher = {MIT Press}
)

@INPROCEEDINGS(PeJa97,
  author={H. P. Peixoto and M. F. Jacome},
  title={Algorithm and architecture-level design space exploration using hierarchical data flows},
  booktitle = {Proceedings of the IEEE International Conference on Application-Specific Systems, Architectures and Processors (ASAP '97)},
  year={1997}
)




@InCollection{PierceCS1878,
  author =	 {Charles S. Pierce},
  title =	 {How to make our ideas clear},
  booktitle =	 {Values in a Universe of Chance},
  year =	 {1878},
  editor =	 {P. P. Wiener},
}

@INPROCEEDINGS(PierceBC+94,
 author = "Benjamin C. Pierce and David N. Turner",
 title = "Concurrent Objects in a Process Calculus",
 booktitle = "Theory and Practice of Parallel Programming (TPPP), Sendai, Japan",
 year = "1995",
 editor = "Takayasu Ito and Akinori Yonezawa",
 number = "907",
 series = "Lecture Notes in Computer Science",
 pages = "187--215",
 publisher = "Springer-Verlag"
)

@INPROCEEDINGS(SteinmanJS94,
 author = {Jeff S. Steinman},
 title = {Discrete-event simulation and the event horizon},
 booktitle = {Proceedings of the 8th Conference on Parallel and Distributed Simulation},
 year = {1994},
 pages = {39-??}
)

@INPROCEEDINGS(TalcottC96,
 author = "C. Talcott",
 title = "Interaction Semantics for Components of Distributed Systems",
 booktitle = "Proceedings of FMOODS",
 year = "1996"
)

@INPROCEEDINGS(Valk78,
 author = {R\"udiger Valk},
 title = {Self-modifying nets, a natural extension of Petri nets},
 booktitle = {Automata, Languages and Programming, Fifth Colloquium, Undine, July 17-21, 1978},
 year = {1978},
 editor = {G. Goos, J. Hartmanis},
 number = {62},
 series = {Lecture Notes in Computer Science},
 pages = {464-476},
 publisher = {Springer-Verlag}
)

@INPROCEEDINGS(ValkR78,
 author = {R\"udiger Valk},
 title = {Self-modifying nets, a natural extension of Petri nets},
 booktitle = {Automata, Languages and Programming, Fifth Colloquium, Undine, July 17-21, 1978},
 year = {1978},
 editor = {G. Goos, J. Hartmanis},
 number = {62},
 series = {Lecture Notes in Computer Science},
 pages = {464-476},
 publisher = {Springer-Verlag}
)

@INPROCEEDINGS(WegnerP87,
 author = {P. Wegner},
 title = {Dimension of Object-Based Language Design},
 booktitle = {Proceedings of OOPSLA 87},
 year = {1987},
 pages = {168-82},
 organization = {ACM},
 KEYWORDS = "object-based vs object-oriented",
 LOCATION = "na"
)

@INPROCEEDINGS(WegnerP88,
 author = {P. Wegner},
 title = {Inheritance as an Incremental Modification Mechanism},
 booktitle = {Proceedings of ECOOP 88 - European Conference on Object-Oriented Programming},
 year = {1988},
 number = {322},
 series =  LNCS ,
 pages = {55-77},
 publisher = {Springer Verlag},
 KEYWORDS = "aspects of inheritance, covariance, contravariance",
 LOCATION = "na"
)

@INPROCEEDINGS(WolperP+93,
 author = {Pierre Wolper and Patrice Godefroid},
 title = {Partial-Order Methods for Temporal Verification},
 booktitle = {Proceedings of the 4th International Conference on Concurrency Theory},
 year = {1993},
 number = {715},
 series =  LNCS 
)

@INPROCEEDINGS(YatesRK+93a,
 author = {Robert Kim Yates and G. R. Gao},
 title = {A {K}ahn principle for networks of nonmonotonic real-time processes},
 booktitle = {Proceesings of PARLE '93, Parallel Architectures and Languages Europe},
 year = {1993},
 publisher = {Springer-Verlag},
 LOCATION = "Process Networks"
)

@INPROCEEDINGS(YatesRK93b,
 author = {Robert Kim Yates},
 title = {Networks of real-time processes},
 booktitle = {CONCUR '93 - 4th International Conference on Concurrency Theory},
 year = {1993},
 pages = {384-397},
 publisher = {Springer-Verlag},
 LOCATION = "Process Networks"
)

@MASTERSTHESIS(ThomasGS91,
 author = {Gregory Scott Thomas},
 title = {Parallel Simulation of {P}etri Nets},
 school = {University of Washington},
 year = {1991}
)

@MISC(ChristensenS+93,
 author = {S\"oren Christensen and J. Toksvig},
 title = {{DesignBeta} V2.0.1 - {BETA} Code Segments in {CP}-Nets},
 howpublished = {Lecture Notes OO\&CPN No. 5, Computer Science Department, Aarhus University},
 year = {1993}
)

@MISC(H263Rec,
 author = {ITU-T},
 title = {Video coding for low bit rate communication},
 howpublished = {ITU-T Recommendation H.263},
 month =  mar ,
 year = {1996},
 LOCATION = "n.a."
)

@MISC(MosesProject,
 title = "{T}he {M}oses {P}roject",
 howpublished = "Computer Engineering and Communications Laboratory, ETH Zurich ({$http://www.tik.ee.ethz.ch/\sim moses$})"
)

@PHDTHESIS(EisenringDiss,
 author = "Michael H. Eisenring",
 title = "Communication Channel Synthesis for Heterogeneous Embedded Systems",
 school = "Computer Engineering and Networks Laboratory, ETH Zurich",
 year = "2000"
)

@PHDTHESIS(EsserR96,
 author = {Robert Esser},
 title = {An Object Oriented {P}etri Net Approach to Embedded System Design},
 school = {ETH Zurich},
 year = {1996}
)

@PHDTHESIS(NaroskaE97,
 author = {Edwin Naroska},
 title = {Parallele {VDHL}-{S}imulation},
 school = {Universit\"at Dortmund},
 year = {1997},
 LOCATION = "-copy-"
)

@PHDTHESIS(YatesRK92,
 author = {Robert Kim Yates},
 title = {Semantics of timed dataflow networks},
 school = {McGill University},
 year = {1992},
 LOCATION = "Process Networks"
)

@TECHREPORT(AmadioRM94,
 author = "R. M. Amadio",
 title = "Translating core facile",
 institution = "European Computer-Industry Research Centre",
 year = "1994",
 number = "ECRC-1994-3"
)

@TECHREPORT(ASMGuide97,
 author = {Yuri Gurevich},
 title = {{M}ay 1997 Draft of the {ASM} Guide},
 institution = {Univ. of Michigan EECS Dept.},
 year = {1997},
 number = {CSE-TR-336-97}
)

@TECHREPORT(BOP89,
 author = {Heinz J\"urgen Burkhardt and Peter Ochsenschl\"ager and Rainer Prinoth},
 title = {Product Nets, A Formal description Technique for Cooperating Systems},
 institution = {GMD, Gesellschaft f\"ur Mathematik und Datenverarbeitung mbH},
 year = {1989},
 type = {GMD-Studien},
 number = {165}
)

@TECHREPORT(BroyM+96,
 author = "Manfred Broy and Gheorghe Stefanescu",
 title = "The Algebra of Stream Processing Functions",
 institution = "TU M{\"u}nchen, Institut f{\"u}r Informatik",
 year = "1996",
 number = "TUM-I9620",
 month = "May",
 note = "SFB-Bericht 342/11/96 A"
)

@TECHREPORT(CardelliL94,
 author = "Luca Cardelli",
 title = "Obliq: A language with distributed scope.",
 institution = "Digital Equipment Corporation, Systems Research Center",
 year = "1994",
 number = "122",
 series = "SRC Research Report"
)

@TECHREPORT(DennisJB75,
 author = "J. B. Dennis",
 title = "First version data flow procedure language",
 institution = "MIT Lab. Comp. Sci.",
 year = "1975",
 type = "Technical Memo",
 number = "MAC TM 61",
 month = "May"
)

@TECHREPORT(AbRaSc00,
  author = {Santosh Abraham and B. Ramakrishna Rau and Robert Schreiber},
  title = {Fast Design Space Exploration Through Validity and Quality Filtering of Subsystem Designs},
  institution={HP Labs},
  number= {HPL-2000-98},
  year = {2000}
)


@TECHREPORT(FerschaA+92,
 author = {Alois Ferscha and G. Haring},
 title = {Forschungsauftrag: {ACPC} - {P}arallele {P}etrinetz-{S}imulation ({E}ndbericht)},
 institution = {University of Vienna},
 year = {1992},
 note = {(text in English)}
)

@TECHREPORT(GTDLSpec,
 author = "J{\"o}rn W. Janneck",
 title = "Graph-Type Definition Language ({GTDL})---Specification",
 institution = "Computer Engineering and Networks Laboratory, ETH Zurich",
 year = "2000",
 series = "Moses Memo"
)

@TECHREPORT(HiltyM00,
 author = "Manuel Hilty",
 title = "Graphical Definition of Visual Syntax",
 institution = "Computer Engineering and Networks Lab, ETH Zurich",
 year = "2000",
 type = "Term Project Report"
)

@TECHREPORT(HulgaardH+94,
 author = {Henrik Hulgaard and Steven M. Burns and Tod Amon and Gaetano Borriello},
 title = {An Algorithm for Exact Bounds on the Time Separation of Events in Concurrent Systems},
 institution = {Dept. of Computer Science and Engineering, University of Seattle},
 year = {1994},
 number = {94-02-02},
 month =  feb ,
 LOCATION = "Concurrency"
)

@TECHREPORT(LakosCA94,
 author = {Charles A. Lakos},
 title = {Object {P}etri Nets - Definition and Relationship to Coloured Nets},
 institution = {Computer Science Department, University of Tasmania},
 year = {1994},
 number = {TR94-3},
 LOCATION = "Petri Nets"
)

@TECHREPORT(LeeEA+97,
 author = {Edward A. Lee and Alberto Sangiovanni-Vincentelli},
 title = {A denotational framework for comparing models of computation},
 institution = {EECS, University of California at Berkeley},
 year = {1997},
 number = {UCB/ERL M97/11},
 month =  jan ,
 KEYWORDS = "tagged signal model",
 LOCATION = "Denotational Semantics"
)

@TECHREPORT(LeeEA94,
 author = {Edward A. Lee},
 title = {Dataflow Process Networks},
 institution = {Dept. of Electrical Engineering and Computer Science, Univ. of California at Berkeley},
 year = {1994},
 number = {UCB/ERL M94/53},
 LOCATION = "Process Networks"
)

@TECHREPORT(LeeEA97,
 author = {Edward A. Lee},
 title = {A denotational semantics for dataflow with firing},
 institution = {EECS, University of California at Berkeley},
 year = {1997},
 number = {UCB/ERL M97/3},
 month =  jan ,
 LOCATION = "Process Networks"
)

@TECHREPORT(MilnerR+89,
 author = "R. Milner and J. G. Parrow and D. J. Walker",
 title = "A calculus of mobile processes (Parts I and II)",
 institution = " University of Edinburgh",
 year = "1989",
 number = "ECS-LFCS-89-85, -86"
)

@TECHREPORT(NicolDM+93,
 author = {David M. Nicol and Weizhen Mao},
 title = {Automated Parallization of Timed {P}etri-Net Simulations},
 institution = {Dept. of Computer Science, College of William and Mary},
 year = {1993},
 number = {ICASE TR-93-91}
)

@TECHREPORT(RamchandaniC74,
 author = {C. Ramchandani},
 title = {Analysis of Asynchronous Concurrent Systems by Timed Petri Nets},
 institution = {Project MAC, Massachussetts Institute of Technology},
 year = {1974},
 number = {120},
 month =  feb 
)

@TECHREPORT(StoerrleH98,
 author = {Harald St{\"o}rrle},
 title = {An Evaluation of High-End Tools for {P}etri Nets},
 institution = {Dept. of Computer Science, Ludwig-Maximilians-Universit{\"a}t, Munich},
 year = {1998}
)

@TECHREPORT(ValkR96,
 author = {R\"udiger Valk},
 title = {On Processes of Object {P}etri Nets},
 institution = {Fachbereich Informatik, Universit\"at Hamburg},
 year = {1996},
 number = {185},
 LOCATION = "Petri Nets"
)

@TechReport{PtolemyIIDesignDoc,
  author = 	 {John Davis and Christopher Hylands and Bart Kienhuis and Edward A. Lee and Jie Liu and Xiaojun Liu and Lukito Muliadi and Steve Neuendorffer and Jeff Tsay and Brian Vogel and Yuhong Xiong},
  title = 	 {Heterogeneous Concurrent Modeling and Design in {Java}},
  institution =  {EECS, University of California, Berkeley},
  year = 	 {2001},
  type = 	 {Technical Memorandum},
  number = 	 {UCB/ERL M01/12},
  month = 	 {March}
}


@Book{PolisBook,
  author = 	 {Felice Balarin and Paolo Giusto and Attila Jurecska and Claudio Passerone and Ellen Sentovich and Bassam Tabbara and Massimiliano Chiodo and Harry Hsieh and Luciano Lavagno and Alberto L. Sangiovanni-Vincentelli and Kei Suzuki},
  title = 	 {Hardware-Software Co-Design of Embedded Systems---The {POLIS} Approach},
  publisher = 	 {Kluwer Academic Publisher},
  year = 	 {1997},
  address = 	 {Boston},
  month = 	 {May},
}

@book{EsterelBook,
    author = "G. Berry",
    title = "The Foundations of Esterel",
    journal = "Proof, Language and Interaction: Essays in Honour of Robin Milner",
    publisher = "MIT Press",
    year = "2000",
}

@inproceedings{SignalImplementation,
 author = {Pascalin Amagb\'egnon and Lo\"{\i}c Besnard and Paul Le Guernic},
 title = {Implementation of the data-flow synchronous language {SIGNAL}},
 booktitle = {Proceedings of the conference on Programming language design and implementation},
 year = 1995,
 isbn = {0-89791-697-2},
 pages = {163--173},
 location = {La Jolla, California, United States},
 doi = {http://doi.acm.org/10.1145/207110.207134},
 publisher = {ACM Press},
 }

@inproceedings{MetropolisPaper,
    author = {Gregor Goessler and Alberto Sangiovanni-Vincentelli},
    title = {Compositional Modeling in {Metropolis}},
    booktitle = {Proc. EMSOFT'02},
    editor = {A. Sangiovanni-Vincentelli and J. Sifakis},
    month = {October},
    year = {2002}
}

@Article{hewitt77,
  author = 	 {Hewitt, Carl},
  title = 	 {Viewing Control Structures as Patterns of Passing Messages},
  journal = 	 {Journal of Artifical Intelligence},
  year = 	 1977,
  volume =	 8,
  number =	 3,
  pages =	 {323-363},
  month =	 {June}
}

@Article{agha93,
  author = {Agha, Gul and Ian A. Mason and Scott F.Smith and Carolyn
  L. Talcott},
  title = 	 {A Foundation for Actor Computation},
  journal = 	 {Journal of Functional Programming},
  year = 	 1993
}


@InProceedings{alfaro2001,
  author = 	 {de Alfaro, Luca and Thomas A. Henzinger},
  title = 	 {Interface Theories for Component Based Design}, 
  booktitle = 	 {Embedded Software, First International Workshop, EMSOFT},
  pages =	 {148-165},
  year =	 2001,
  editor =	 {Thomas A. Henzinger and Christoph M. Kirsch},
  series =	 {Lecture Notes in Computer Science},
  month =	 {October},
  publisher =	 {Springer}
}


@TechReport{caltropRef,
  author = 	 {Eker, Johan and  J{\"o}rn Janneck},
  title = 	 {Caltrop Reference Manual},
 institution =  {Electronics Research Lab, Department of Electrical Enginee
and Computer Sciences},
 year =         2001,
 type =         {Technical Memorandum},
 number =       {UCB/ERL ???/??},
 address =      {University of California at Berkeley California, Berkeley, CA 94720, USA},
 month =        {November}
}

@TechReport{lee97,
  author = 	 {Lee, Edward A.},
  title = 	 {A Denotational Semantics for Dataflow with Firing},
 institution =  {Electronics Research Lab, Department of Electrical Enginee
and Computer Sciences},
 year =         1997,
 type =         {Technical Memorandum},
 number =       {UCB/ERL M97/3},
 address =      {University of California at Berkeley California, Berkeley, CA 94720, USA},
 month =        {January}
}


@TechReport{TraceMemo,
  author = 	 {J\"orn W. Janneck and David B. Parlour and Paul R. Schumacher},
  title = 	 {Causation Traces---Generating concurrent descriptions of a dataflow computation from a sequential execution},
  institution =  {Xilinx Research Labs},
  year = 	 {2005},
  month = 	 {June}
}


